@Misc{ openssl,
	title = "OpenSSL",
	author = {{The OpenSSL Project}},
	url = "http://www.openssl.org/",
	note = "http://www.openssl.org/",
}

@Misc{ qt,
	title = {{Qt 4.7}},
	author = {{Nokia Corporation}},
	url = "http://doc.qt.nokia.com/4.7/index.html",
	note = "http://doc.qt.nokia.com/4.7/index.html"
}

@Misc{ cpp,
	title = {{Reference of the C++ Language Library}},
	author = "cplusplus.com",
	url = "http://www.cplusplus.com/reference/",
	note = "http://www.cplusplus.com/reference/"
}